
@inproceedings{azaria2015agent,
	title={An agent for deception detection in discussion based environments},
	author={Azaria, Amos and Richardson, Ariella and Kraus, Sarit},
	booktitle={Proceedings of the 18th ACM Conference on Computer Supported Cooperative Work and Social Computing},
	pages={218--227},
	year={2015}
}

@inproceedings{perez2015experiments,
	title={Experiments in open domain deception detection},
	author={P{\'e}rez-Rosas, Ver{\'o}nica and Mihalcea, Rada},
	booktitle={Proceedings of the 2015 Conference on Empirical Methods in Natural Language Processing},
	pages={1120--1125},
	year={2015}
}



@article{tversky81,
	author               = {Amos Tversky and Danliel Kahneman},
	journal              = {Science},
	number               = {4481},
	pages                = {453-458},
	title                = {The Framing of Decisions and the Psychology of Choice},
	volume               = {211},
	year                 = {1981},
}

@article{Loewenstein00,
	author               = {Loewenstein, George},
	issn                 = {0167-5249},
	issue                = {1},
	journal              = {Law and Philosophy},
	keyword              = {Humanities, Social Sciences and Law},
	pages                = {51-76},
	publisher            = {Springer Netherlands},
	title                = {Willpower: A Decision-theorist's Perspective},
	volume               = {19},
	year                 = {2000},
}

@article{ArielyAnchor,
	title={``Coherent arbitrariness'': Stable demand curves without stable preferences},
	author={Ariely, Dan and Loewenstein, George and Prelec, Drazen},
	journal={The Quarterly Journal of Economics},
	volume={118},
	number={1},
	pages={73--106},
	year={2003},
	publisher={MIT Press}
}

@inbook{camerer03,
	author               = {C. F. Camerer},
	chapter              = {2},
	publisher            = {Princeton University Press},
	title                = {Behavioral {G}ame {T}heory. {E}xperiments in {S}trategic {I}nteraction},
	year                 = {2003}
}

@inproceedings{hindriks2008opponent,
	title={Opponent modelling in automated multi-issue negotiation using bayesian learning},
	author={Hindriks, Koen and Tykhonov, Dmytro},
	booktitle={AAMAS},
	pages={331--338},
	year={2008}
}

@book{subrahmanian2000heterogeneous,
	title={Heterogeneous agent systems},
	author={Subrahmanian, Ventatramanan S},
	year={2000},
	publisher={MIT press}
}

@inproceedings{RosenfeldK-aamas11,
	title={Using aspiration adaptation theory to improve learning},
	author={Rosenfeld, Avi and Kraus, Sarit},
	booktitle={AAMAS},
	pages={423--430},
	year={2011}
}

@inproceedings{AzariaRKGG12,
	Title={Strategic Advice Provision in Repeated Human-Agent Interactions},
	Author={Azaria, Amos and Rabinovich, Zinovi and Kraus, Sarit and Goldman, Claudia V and Gal, Ya'akov},
	Booktitle={IJCAI},
	Year={2012}}

@inproceedings{galPfe07,
	title={Modeling reciprocal behavior in human bilateral negotiation},
	author={Gal, Yaâ€™akov and Pfeffer, Avi},
	booktitle={Proceedings of the National Conference on Artificial Intelligence},
	volume={22},
	number={1},
	pages={815},
	year={2007},
	organization={Menlo Park, CA; Cambridge, MA; London; AAAI Press; MIT Press; 1999}
}

@inproceedings{AzariaRKGT12,
	Title={Giving Advice to People in Path Selection Problems},
	Author={Amos Azaria and Zinovi Rabinovich and Sarit Kraus and Claudia V. Goldman and Omer Tsimhoni},
	Booktitle={AAMAS},
	Year={2012}
}

@inproceedings{nguyen2013analyzing,
	title={Analyzing the effectiveness of adversary modeling in security games},
	author={Nguyen, Thanh Hong and Yang, Rong and Azaria, Amos and Kraus, Sarit and Tambe, Milind},
	booktitle={Twenty-Seventh AAAI Conference on Artificial Intelligence},
	year={2013}
}

@inproceedings{nivasch2019correction,
	title={Correction Detection by Personal Assistants},
	author={Nivasch, Keren and Azaria, Amos},
	booktitle={Proceedings of the 18th International Conference on Autonomous Agents and Multiagent Systems-Volume 1},
	year={2019},
	organization={International Foundation for Autonomous Agents and Multiagent Systems}
}

@inproceedings{gadallah1999speech,
	title={Speech based automatic lie detection},
	author={Gadallah, Mahmoud E and Matar, Matar A and Algezawi, AF},
	booktitle={Proceedings of the Sixteenth National Radio Science Conference. NRSC'99 (IEEE Cat. No. 99EX249)},
	pages={C33--1},
	year={1999},
	organization={IEEE}
}

@article{patrick1989psychopathy,
	title={Psychopathy, threat, and polygraph test accuracy.},
	author={Patrick, Christopher J and Iacono, William G},
	journal={Journal of Applied Psychology},
	volume={74},
	number={2},
	pages={347},
	year={1989},
	publisher={American Psychological Association}
}

@article{grubin2006accuracy,
	title={Accuracy and utility of post-conviction polygraph testing of sex offenders},
	author={Grubin, Don and Madsen, Lars},
	journal={The British Journal of Psychiatry},
	volume={188},
	number={5},
	pages={479--483},
	year={2006},
	publisher={Cambridge University Press}
}

@book{ekman2003unmasking,
	title={Unmasking the face: A guide to recognizing emotions from facial clues},
	author={Ekman, Paul and Friesen, Wallace V},
	year={2003},
	publisher={Ishk}
}

@article{trovillo1938history,
	title={History of lie detection},
	author={Trovillo, Paul V},
	journal={Am. Inst. Crim. L. \& Criminology},
	volume={29},
	pages={848},
	year={1938},
	publisher={HeinOnline}
}



@article{vrij2010pitfalls,
	title={Pitfalls and opportunities in nonverbal and verbal lie detection},
	author={Vrij, Aldert and Granhag, P{\"a}r Anders and Porter, Stephen},
	journal={Psychological science in the public interest},
	volume={11},
	number={3},
	pages={89--121},
	year={2010},
	publisher={Sage Publications Sage CA: Los Angeles, CA}
}

@inproceedings{bachenko2008verification,
	title={Verification and implementation of language-based deception indicators in civil and criminal narratives},
	author={Bachenko, Joan and Fitzpatrick, Eileen and Schonwetter, Michael},
	booktitle={Proceedings of the 22nd International Conference on Computational Linguistics-Volume 1},
	pages={41--48},
	year={2008},
	organization={Association for Computational Linguistics}
}

@article{de2018mafiascum,
	title={The Mafiascum Dataset: A Large Text Corpus for Deception Detection},
	author={de Ruiter, Bob and Kachergis, George},
	journal={arXiv preprint arXiv:1811.07851},
	year={2018}
}

@inproceedings{levitan2018linguistic,
	title={Linguistic cues to deception and perceived deception in interview dialogues},
	author={Levitan, Sarah Ita and Maredia, Angel and Hirschberg, Julia},
	booktitle={Proceedings of the 2018 Conference of the North American Chapter of the Association for Computational Linguistics: Human Language Technologies, Volume 1 (Long Papers)},
	volume={1},
	pages={1941--1950},
	year={2018}
}

@book{enos2009detecting,
	title={Detecting deception in speech},
	author={Enos, Frank},
	year={2009},
	publisher={Citeseer}
}

@article{depaulo2003cues,
	title={Cues to deception.},
	author={DePaulo, Bella M and Lindsay, James J and Malone, Brian E and Muhlenbruck, Laura and Charlton, Kelly and Cooper, Harris},
	journal={Psychological bulletin},
	volume={129},
	number={1},
	pages={74},
	year={2003},
	publisher={American Psychological Association}
}

@article{fitzpatrick2015automatic,
	title={Automatic detection of verbal deception},
	author={Fitzpatrick, Eileen and Bachenko, Joan and Fornaciari, Tommaso},
	journal={Synthesis Lectures on Human Language Technologies},
	volume={8},
	number={3},
	pages={1--119},
	year={2015},
	publisher={Morgan \& Claypool Publishers}
}
